%Deep learning for Traffic Engineering

@ARTICLE{Kato2017:MWC,
author={N. Kato and Z. M. Fadlullah and B. Mao and F. Tang and O. Akashi and T. Inoue and K. Mizutani},
journal={IEEE Wireless Communications},
title={The Deep Learning Vision for Heterogeneous Network Traffic Control: Proposal, Challenges, and Future Perspective},
year={2017},
volume={24},
number={3},
pages={146-153},
keywords={learning (artificial intelligence);neural nets;telecommunication computing;telecommunication network routing;telecommunication traffic;deep learning;heterogeneous network traffic control;large-scale heterogeneous networks;machine learning;supervised deep neural network system;Google;Heterogeneous networks;Machine learning;Neural networks;Routing;Speech recognition;Telecommunication traffic},
doi={10.1109/MWC.2016.1600317WC},
ISSN={1536-1284},
month={},
}

@misc{WILL,
   title = {WILL API},
   howpublished = {https://scarsty.gitbooks.io/will/content/},
}
